@inproceedings{hara2018vehicle,
  title={Vehicle approaching model for T-junction during transition to autonomous vehicles},
  author={Hara, Tatsuro and Kiyohara, Ryozo},
  booktitle={2018 International Conference on Information Networking (ICOIN)},
  pages={304--309},
  year={2018},
  organization={IEEE}
}
@inproceedings{furukawa2018traffic,
  title={Traffic Flow in the Mixed Environment of Autonomous and Human-Operated Vehicles},
  author={Furukawa, Hiroto and Kiyohara, Ryozo},
  booktitle={2018 Eleventh International Conference on Mobile Computing and Ubiquitous Network (ICMU)},
  pages={1--2},
  year={2018},
  organization={IEEE}
}
@article{kalra2016many,
  title={How many miles of driving would it take to demonstrate autonomous vehicle reliability},
  author={Kalra, N and Paddock, SM},
  journal={Driving to Safety},
  year={2016}
}
@inproceedings{annell2016probabilistic,
  title={Probabilistic collision estimation system for autonomous vehicles},
  author={Annell, Stefan and Gratner, Alexander and Svensson, Lars},
  booktitle={2016 IEEE 19th International Conference on Intelligent Transportation Systems (ITSC)},
  pages={473--478},
  year={2016},
  organization={IEEE}
}
@inproceedings{mcgehee2000driver,
  title={Driver reaction time in crash avoidance research: validation of a driving simulator study on a test track},
  author={McGehee, Daniel V and Mazzae, Elizabeth N and Baldwin, GH Scott},
  booktitle={Proceedings of the human factors and ergonomics society annual meeting},
  volume={44},
  pages={3--320},
  year={2000},
  organization={SAGE Publications Sage CA: Los Angeles, CA}
}
@article{schrank2012tti,
  title={TTI’s 2012 urban mobility report},
  author={Schrank, David and Eisele, Bill and Lomax, Tim},
  journal={Texas A\&M Transportation Institute. The Texas A\&M University System},
  volume={4},
  year={2012}
}
@article{papageorgiou2003review,
  title={Review of road traffic control strategies},
  author={Papageorgiou, Markos and Diakaki, Christina and Dinopoulou, Vaya and Kotsialos, Apostolos and Wang, Yibing},
  journal={Proceedings of the IEEE},
  volume={91},
  number={12},
  pages={2043--2067},
  year={2003},
  publisher={IEEE}
}
@article{treiber2000congested,
  title={Congested traffic states in empirical observations and microscopic simulations},
  author={Treiber, Martin and Hennecke, Ansgar and Helbing, Dirk},
  journal={Physical review E},
  volume={62},
  number={2},
  pages={1805},
  year={2000},
  publisher={APS}
}
l.146 \Section
              {Research Objectives}
The control sequence at the end of the top line
of your error message was never \def'ed. If you have
misspelled it (e.g., `\hobx'), type `I' and the correct
spelling (e.g., `I\hbox'). Otherwise just continue,
and I'll forget about whatever was undefined.

! Misplaced alignment tab character &.
l.160 \item EB robinos &
                         EB robinos Predictor  Elektrobit - combine software...
I can't figure out why you would want to use a tab mark
here. If you just want an ampersand, the remedy is
simple: Just type `I\&' now. But if some right brace
up above has ended a previous alignment prematurely,
you're probably due for more error messages, and you
might try typing `S' now just to see what is salvageable.

 main.tex, line 213
Undefined control sequence.

The compiler is having trouble understanding a command you have used. Check that the command is spelled correctly. If the command is part of a package, make sure you have included the package in your preamble using \usepackage{...}.

 Learn more
l.213 The acceleration \esymbol
                               {"a"} of a vehicle is determined by the the c...
The control sequence at the end of the top line
of your error message was never \def'ed. If you have
misspelled it (e.g., `\hobx'), type `I' and the correct
spelling (e.g., `I\hbox'). Otherwise just continue,
and I'll forget about whatever was undefined.

! Undefined control sequence.
l.213 ... the the components of net force \esymbol
                                                  {"F"} and the car's mass \...
The control sequence at the end of the top line
of your error message was never \def'ed. If you have
misspelled it (e.g., `\hobx'), type `I' and the correct
spelling (e.g., `I\hbox'). Otherwise just continue,
and I'll forget about whatever was undefined.

 main.tex, line 213
Undefined control sequence.

The compiler is having trouble understanding a command you have used. Check that the command is spelled correctly. If the command is part of a package, make sure you have included the package in your preamble using \usepackage{...}.

 Learn more
l.213 ...\esymbol{"F"} and the car's mass \esymbol
                                                  {"m"}:
The control sequence at the end of the top line
of your error message was never \def'ed. If you have
misspelled it (e.g., `\hobx'), type `I' and the correct
spelling (e.g., `I\hbox'). Otherwise just continue,
and I'll forget about whatever was undefined.

! Undefined control sequence.
l.220  \esymbol
               {a} = {\left\frac{F}{m}\right}  \  { \left( in \ \frac{meters...
The control sequence at the end of the top line
of your error message was never \def'ed. If you have
misspelled it (e.g., `\hobx'), type `I' and the correct
spelling (e.g., `I\hbox'). Otherwise just continue,
and I'll forget about whatever was undefined.

 main.tex, line 220
Missing delimiter (. inserted).

<to be read again> 
                   {
l.220  \esymbol{a} = {\left\frac{F}{m}
                                      \right}  \  { \left( in \ \frac{meters...
I was expecting to see something like `(' or `\{' or
`\}' here. If you typed, e.g., `{' instead of `\{', you
should probably delete the `{' by typing `1' now, so that
braces don't get unbalanced. Otherwise just proceed.
Acceptable delimiters are characters whose \delcode is
nonnegative, or you can use `\delimiter <delimiter code>'.

! Missing delimiter (. inserted).
<to be read again> 
                   }
l.220  \esymbol{a} = {\left\frac{F}{m}\right}
                                               \  { \left( in \ \frac{meters...
I was expecting to see something like `(' or `\{' or
`\}' here. If you typed, e.g., `{' instead of `\{', you
should probably delete the `{' by typing `1' now, so that
braces don't get unbalanced. Otherwise just proceed.
Acceptable delimiters are characters whose \delcode is
nonnegative, or you can use `\delimiter <delimiter code>'.

 main.tex, line 34
Underfull \hbox (badness 10000) in paragraph at lines 34--44

 main.tex, line 53
Underfull \hbox (badness 10000) in paragraph at lines 53--54

 main.tex, line 101
Overfull \hbox (21.29962pt too wide) in paragraph at lines 101--101

 main.tex, line 103
Underfull \hbox (badness 10000) in paragraph at lines 103--103

 main.tex, line 107
Underfull \hbox (badness 2343) in paragraph at lines 107--107

 main.tex, line 114
Underfull \hbox (badness 3503) in paragraph at lines 114--114

 main.tex, line 115
Underfull \hbox (badness 10000) in paragraph at lines 115--115

 main.tex, line 129
Overfull \hbox (21.29962pt too wide) in paragraph at lines 129--129

 main.tex, line 131
Underfull \hbox (badness 10000) in paragraph at lines 131--131

 main.tex, line 131
Underfull \hbox (badness 5832) in paragraph at lines 131--131

 main.tex, line 133
Underfull \hbox (badness 1014) in paragraph at lines 133--133

 main.tex, line 133
Underfull \hbox (badness 6078) in paragraph at lines 133--133

 main.tex, line 136
Underfull \hbox (badness 10000) in paragraph at lines 136--136

 main.tex, line 138
Underfull \hbox (badness 10000) in paragraph at lines 138--138

 main.tex, line 193
Overfull \hbox (17.62683pt too wide) in paragraph at lines 193--194

@article{kamal2012control,
  title={Control of traffic signals in a model predictive control framework},
  author={Kamal, MAS and Imura, Jun-ichi and Ohata, Akira and Hayakawa, Tomohisa and Aihara, Kazuyuki},
  journal={IFAC Proceedings Volumes},
  volume={45},
  number={24},
  pages={221--226},
  year={2012},
  publisher={Elsevier}
}
@article{van2006impact,
  title={The impact of cooperative adaptive cruise control on traffic-flow characteristics},
  author={Van Arem, Bart and Van Driel, Cornelie JG and Visser, Ruben},
  journal={IEEE Transactions on Intelligent Transportation Systems},
  volume={7},
  number={4},
  pages={429--436},
  year={2006},
  publisher={IEEE}
}
@article{ploeg2011connect,
  title={Connect \& Drive: design and evaluation of cooperative adaptive cruise control for congestion reduction},
  author={Ploeg, Jeroen and Serrarens, Alex FA and Heijenk, Geert J},
  journal={Journal of Modern Transportation},
  volume={19},
  number={3},
  pages={207--213},
  year={2011},
  publisher={Springer}
}
@incollection{raravi2007merge,
  title={Merge algorithms for intelligent vehicles},
  author={Raravi, Gurulingesh and Shingde, Vipul and Ramamritham, Krithi and Bharadia, Jatin},
  booktitle={Next Generation Design and Verification Methodologies for Distributed Embedded Control Systems},
  pages={51--65},
  year={2007},
  publisher={Springer}
}
@inproceedings{uno1999merging,
  title={A merging control algorithm based on inter-vehicle communication},
  author={Uno, Atsuya and Sakaguchi, Takeshi and Tsugawa, Sadayuki},
  booktitle={Intelligent Transportation Systems, 1999. Proceedings. 1999 IEEE/IEEJ/JSAI International Conference on},
  pages={783--787},
  year={1999},
  organization={IEEE}
}
@article{omae2010automatic,
  title={Automatic driving control for passing through intersection without stopping},
  author={Omae, Manabu and Ogitsu, Takeki and Honma, Noritsugu and Usami, Keisuke},
  journal={International Journal of Intelligent Transportation Systems Research},
  volume={8},
  number={3},
  pages={201--210},
  year={2010},
  publisher={Springer}
}
@article{kamal2015vehicle,
  title={A Vehicle-Intersection Coordination Scheme for Smooth Flows of Traffic Without Using Traffic Lights.},
  author={Kamal, Md Abdus Samad and Imura, Jun-ichi and Hayakawa, Tomohisa and Ohata, Akira and Aihara, Kazuyuki},
  journal={IEEE Trans. Intelligent Transportation Systems},
  volume={16},
  number={3},
  pages={1136--1147},
  year={2015}
}
@article{montanaro2018towards,
  title={Towards connected autonomous driving: review of use-cases},
  author={Montanaro, Umberto and Dixit, Shilp and Fallah, Saber and Dianati, Mehrdad and Stevens, Alan and Oxtoby, David and Mouzakitis, Alexandros},
  journal={Vehicle System Dynamics},
  pages={1--36},
  year={2018},
  publisher={Taylor \& Francis}
}
@article{dresner2008multiagent,
  title={A multiagent approach to autonomous intersection management},
  author={Dresner, Kurt and Stone, Peter},
  journal={Journal of artificial intelligence research},
  volume={31},
  pages={591--656},
  year={2008}
}
@article{gong2018cooperative,
  title={Cooperative platoon control for a mixed traffic flow including human drive vehicles and connected and autonomous vehicles},
  author={Gong, Siyuan and Du, Lili},
  journal={Transportation research part B: methodological},
  volume={116},
  pages={25--61},
  year={2018},
  publisher={Elsevier}
}
@inproceedings{chan2012cooperative,
  title={Cooperative control of SARTRE automated platoon vehicles},
  author={Chan, Eric and Gilhead, Peter and Jelinek, Pavel and Krejci, Petr and Robinson, Tom},
  booktitle={19th ITS World CongressERTICO-ITS EuropeEuropean CommissionITS AmericaITS Asia-Pacific},
  year={2012}
}
@article{feng2015real,
  title={A real-time adaptive signal control in a connected vehicle environment},
  author={Feng, Yiheng and Head, K Larry and Khoshmagham, Shayan and Zamanipour, Mehdi},
  journal={Transportation Research Part C: Emerging Technologies},
  volume={55},
  pages={460--473},
  year={2015},
  publisher={Elsevier}
}
@article{knorn2014passivity,
  title={Passivity-based control for multi-vehicle systems subject to string constraints},
  author={Knorn, Steffi and Donaire, Alejandro and Ag{\"u}ero, Juan C and Middleton, Richard H},
  journal={Automatica},
  volume={50},
  number={12},
  pages={3224--3230},
  year={2014},
  publisher={Elsevier}
}
@article{wang2014rolling,
  title={Rolling horizon control framework for driver assistance systems. Part II: Cooperative sensing and cooperative control},
  author={Wang, Meng and Daamen, Winnie and Hoogendoorn, Serge P and van Arem, Bart},
  journal={Transportation research part C: emerging technologies},
  volume={40},
  pages={290--311},
  year={2014},
  publisher={Elsevier}
}
@article{zhou2017rolling,
  title={Rolling horizon stochastic optimal control strategy for ACC and CACC under uncertainty},
  author={Zhou, Yang and Ahn, Soyoung and Chitturi, Madhav and Noyce, David A},
  journal={Transportation Research Part C: Emerging Technologies},
  volume={83},
  pages={61--76},
  year={2017},
  publisher={Elsevier}
}
@article{swaroop1994comparision,
  title={A comparision of spacing and headway control laws for automatically controlled vehicles1},
  author={Swaroop, DVAHG and Hedrick, J Karl and Chien, CC and Ioannou, P},
  journal={Vehicle system dynamics},
  volume={23},
  number={1},
  pages={597--625},
  year={1994},
  publisher={Taylor \& Francis}
}
@article{khondaker2015variable,
  title={Variable speed limit: A microscopic analysis in a connected vehicle environment},
  author={Khondaker, Bidoura and Kattan, Lina},
  journal={Transportation Research Part C: Emerging Technologies},
  volume={58},
  pages={146--159},
  year={2015},
  publisher={Elsevier}
}
@inproceedings{calvert2011modelling,
  title={Modelling cooperative driving in congestion shockwaves on a freeway network},
  author={Calvert, Simeon Craig and Van Den Broek, TH A and van Noort, Martijn},
  booktitle={Intelligent Transportation Systems (ITSC), 2011 14th International IEEE Conference on},
  pages={614--619},
  year={2011},
  organization={IEEE}
}
@inproceedings{huang2017safety,
  title={Safety verification of deep neural networks},
  author={Huang, Xiaowei and Kwiatkowska, Marta and Wang, Sen and Wu, Min},
  booktitle={International Conference on Computer Aided Verification},
  pages={3--29},
  year={2017},
  organization={Springer}
}
@inproceedings{zeng2015novel,
  title={Novel vehicle crash risk detection based on vehicular sensory system},
  author={Zeng, Qingdong and Wu, Chaozhong and Peng, Liqun and Li, Haoran},
  booktitle={Advanced Information Technology, Electronic and Automation Control Conference (IAEAC), 2015 IEEE},
  pages={622--626},
  year={2015},
  organization={IEEE}
}
@article{claes2011decentralized,
  title={A decentralized approach for anticipatory vehicle routing using delegate multiagent systems},
  author={Claes, Rutger and Holvoet, Tom and Weyns, Danny},
  journal={IEEE Transactions on Intelligent Transportation Systems},
  volume={12},
  number={2},
  pages={364--373},
  year={2011},
  publisher={IEEE}
}
@inproceedings{song2017novel,
  title={A novel approach to the enhancement of lane estimator by using Kalman filter},
  author={Song, Moon-Hyung and Kim, Chang-il and Kim, Jong-Min and Lee, Kwang-Soo and Park, Hyun-Bae and Jeon, Jae-Seok and Kwag, Su-Jin and Kim, Moon-Sik},
  booktitle={Control, Automation and Systems (ICCAS), 2017 17th International Conference on},
  pages={1078--1082},
  year={2017},
  organization={IEEE}
}
@article{kim2008robust,
  title={Robust lane detection and tracking in challenging scenarios},
  author={Kim, ZuWhan},
  journal={IEEE Transactions on Intelligent Transportation Systems},
  volume={9},
  number={1},
  pages={16--26},
  year={2008},
  publisher={IEEE}
}
@article{altenburg2008breakthrough,
  title={Breakthrough? China’s and India’s transition from production to innovation},
  author={Altenburg, Tilman and Schmitz, Hubert and Stamm, Andreas},
  journal={World development},
  volume={36},
  number={2},
  pages={325--344},
  year={2008},
  publisher={Elsevier}
}
@article{wang2006new,
  title={A new method of automatic extraction in vehicle queue length [J]},
  author={WANG, Weizhi and Liu, Binghan},
  journal={Chinese Journal of Stereology and Image Analysis},
  volume={3},
  pages={012},
  year={2006}
}
@misc{regulations2014california,
  title={California Department of Motor Vehicles, 2011},
  author={Regulations, Autonomous Vehicles},
  year={2014}
}
@book{balaguru2014frp,
  title={FRP composites for reinforced and prestressed concrete structures: A guide to fundamentals and design for repair and retrofit},
  author={Balaguru, Perumalsamy and Nanni, Antonio and Giancaspro, James},
  year={2014},
  publisher={CRC Press}
}
@article{jin2014dynamics,
  title={Dynamics of connected vehicle systems with delayed acceleration feedback},
  author={Jin, I Ge and Orosz, G{\'a}bor},
  journal={Transportation Research Part C: Emerging Technologies},
  volume={46},
  pages={46--64},
  year={2014},
  publisher={Elsevier}
}
@book{barfield2014human,
  title={Human factors in intelligent transportation systems},
  author={Barfield, Woodrow and Dingus, Thomas A},
  year={2014},
  publisher={Psychology Press}
}
@article{levine2018simulation,
  title={Simulation of Automated Vehicles' Drive Cycles},
  author={LeVine, Scott and others},
  volume={46},
  year={2018},
  publisher={City University of New York. University Transportation Research Center}
}
@article{horowitz2000control,
  title={Control design of an automated highway system},
  author={Horowitz, Roberto and Varaiya, Pravin},
  journal={Proceedings of the IEEE},
  volume={88},
  number={7},
  pages={913--925},
  year={2000},
  publisher={IEEE}
}
@inproceedings{dresner2006traffic,
  title={Traffic intersections of the future},
  author={Dresner, Kurt and Stone, Peter},
  booktitle={Proceedings of the national conference on artificial intelligence},
  volume={21},
  pages={1593},
  year={2006},
  organization={Menlo Park, CA; Cambridge, MA; London; AAAI Press; MIT Press; 1999}
}
@article{abduljabbar2019applications,
  title={Applications of artificial intelligence in transport: An overview},
  author={Abduljabbar, Rusul and Dia, Hussein and Liyanage, Sohani and Bagloee, Saeed},
  journal={Sustainability},
  volume={11},
  number={1},
  pages={189},
  year={2019},
  publisher={Multidisciplinary Digital Publishing Institute}
}
@inproceedings{liu2018safe,
  title={Safe Intersection Management for Mixed Transportation Systems with Human-Driven and Autonomous Vehicles},
  author={Liu, Xi and Hsieh, Ping-Chun and Kumar, PR},
  booktitle={2018 56th Annual Allerton Conference on Communication, Control, and Computing (Allerton)},
  pages={834--841},
  year={2018},
  organization={IEEE}
}
@article{rios2017survey,
  title={A survey on the coordination of connected and automated vehicles at intersections and merging at highway on-ramps},
  author={Rios-Torres, Jackeline and Malikopoulos, Andreas A},
  journal={IEEE Transactions on Intelligent Transportation Systems},
  volume={18},
  number={5},
  pages={1066--1077},
  year={2017},
  publisher={IEEE}
}
@article{vial2016scheduling,
  title={Scheduling autonomous vehicle platoons through an unregulated intersection},
  author={Vial, Juan Jos{\'e} Besa and Devanny, William E and Eppstein, David and Goodrich, Michael T},
  journal={arXiv preprint arXiv:1609.04512},
  year={2016}
}
@inproceedings{lin2019autonomous,
  title={Autonomous vehicle routing in multiple intersections},
  author={Lin, Sheng-Hao and Ho, Tsung-Yi},
  booktitle={Proceedings of the 24th Asia and South Pacific Design Automation Conference},
  pages={585--590},
  year={2019},
  organization={ACM}
}
@article{ghiasi2017mixed,
  title={A mixed traffic capacity analysis and lane management model for connected automated vehicles: A Markov chain method},
  author={Ghiasi, Amir and Hussain, Omar and Qian, Zhen Sean and Li, Xiaopeng},
  journal={Transportation Research Part B: Methodological},
  volume={106},
  pages={266--292},
  year={2017},
  publisher={Elsevier}
}
@article{zhao2019bilevel,
  title={A bilevel programming model for autonomous intersection control and trajectory planning},
  author={Zhao, Weiming and Liu, Ronghui and Ngoduy, Dong},
  journal={Transportmetrica A: Transport Science},
  pages={1--25},
  year={2019},
  publisher={Taylor \& Francis}
}
@article{ma2017parsimonious,
  title={Parsimonious shooting heuristic for trajectory design of connected automated traffic part II: computational issues and optimization},
  author={Ma, Jiaqi and Li, Xiaopeng and Zhou, Fang and Hu, Jia and Park, B Brian},
  journal={Transportation Research Part B: Methodological},
  volume={95},
  pages={421--441},
  year={2017},
  publisher={Elsevier}
}
@article{hoogendoorn2001state,
  title={State-of-the-art of vehicular traffic flow modelling},
  author={Hoogendoorn, Serge P and Bovy, Piet HL},
  journal={Proceedings of the Institution of Mechanical Engineers, Part I: Journal of Systems and Control Engineering},
  volume={215},
  number={4},
  pages={283--303},
  year={2001},
  publisher={Sage Publications Sage UK: London, England}
}
@article{malikopoulos2014supervisory,
  title={Supervisory power management control algorithms for hybrid electric vehicles: A survey},
  author={Malikopoulos, Andreas A},
  journal={IEEE Transactions on intelligent transportation systems},
  volume={15},
  number={5},
  pages={1869--1885},
  year={2014},
  publisher={IEEE}
}
@article{agarwal2015feedback,
  title={Feedback-coordinated ramp control of consecutive on-ramps using distributed modeling and Godunov-based satisfiable allocation},
  author={Agarwal, Shaurya and Kachroo, Pushkin and Contreras, Sergio and Sastry, Shankar},
  journal={IEEE Transactions on Intelligent Transportation Systems},
  volume={16},
  number={5},
  pages={2384--2392},
  year={2015},
  publisher={IEEE}
}
@article{milanes2011cooperative,
  title={Cooperative maneuvering in close environments among cybercars and dual-mode cars},
  author={Milan{\'e}s, Vicente and Alonso, Javier and Bouraoui, Laurent and Ploeg, Jeroen},
  journal={IEEE Transactions on Intelligent Transportation Systems},
  volume={12},
  number={1},
  pages={15--24},
  year={2011},
  publisher={IEEE}
}
@article{onieva2012genetic,
  title={Genetic optimization of a vehicle fuzzy decision system for intersections},
  author={Onieva, Enrique and Milan{\'e}s, Vicente and Villagra, Jorge and P{\'e}rez, Joshu{\'e} and Godoy, Jorge},
  journal={Expert Systems with Applications},
  volume={39},
  number={18},
  pages={13148--13157},
  year={2012},
  publisher={Elsevier}
}
@article{lu2003longitudinal,
  title={Longitudinal control algorithm for automated vehicle merging},
  author={Lu, Xiao-Yun and Hedrick, J Karl},
  journal={International Journal of Control},
  volume={76},
  number={2},
  pages={193--202},
  year={2003},
  publisher={Taylor \& Francis}
}
@article{lu2004automated,
  title={Automated vehicle merging maneuver implementation for AHS},
  author={Lu, Xiao-Yun and Tan, Han-Shue and Shladover, Steven E and Hedrick, J Karl},
  journal={Vehicle System Dynamics},
  volume={41},
  number={2},
  pages={85--107},
  year={2004},
  publisher={Taylor \& Francis}
}
@article{koopman2017autonomous,
  title={Autonomous vehicle safety: An interdisciplinary challenge},
  author={Koopman, Philip and Wagner, Michael},
  journal={IEEE Intelligent Transportation Systems Magazine},
  volume={9},
  number={1},
  pages={90--96},
  year={2017},
  publisher={IEEE}
}
@article{koopman2016challenges,
  title={Challenges in autonomous vehicle testing and validation},
  author={Koopman, Philip and Wagner, Michael},
  journal={SAE International Journal of Transportation Safety},
  volume={4},
  number={1},
  pages={15--24},
  year={2016},
  publisher={JSTOR}
}
@article{kafka2012automotive,
  title={The automotive standard ISO 26262, the innovative driver for enhanced safety assessment \& technology for motor cars},
  author={Kafka, Peter},
  journal={Procedia Engineering},
  volume={45},
  pages={2--10},
  year={2012},
  publisher={Elsevier}
}
@inproceedings{birch2013safety,
  title={Safety cases and their role in ISO 26262 functional safety assessment},
  author={Birch, John and Rivett, Roger and Habli, Ibrahim and Bradshaw, Ben and Botham, John and Higham, Dave and Jesty, Peter and Monkhouse, Helen and Palin, Robert},
  booktitle={International Conference on Computer Safety, Reliability, and Security},
  pages={154--165},
  year={2013},
  organization={Springer}
}
@article{nyholm2016ethics,
  title={The ethics of accident-algorithms for self-driving cars: An applied trolley problem?},
  author={Nyholm, Sven and Smids, Jilles},
  journal={Ethical theory and moral practice},
  volume={19},
  number={5},
  pages={1275--1289},
  year={2016},
  publisher={Springer}
}
@article{di2013self,
  title={Self-sacrifice and the trolley problem},
  author={Di Nucci, Ezio},
  journal={Philosophical Psychology},
  volume={26},
  number={5},
  pages={662--672},
  year={2013},
  publisher={Taylor \& Francis}
}
@article{amoozadeh2015security,
  title={Security vulnerabilities of connected vehicle streams and their impact on cooperative driving},
  author={Amoozadeh, Mani and Raghuramu, Arun and Chuah, Chen-Nee and Ghosal, Dipak and Zhang, H Michael and Rowe, Jeff and Levitt, Karl},
  journal={IEEE Communications Magazine},
  volume={53},
  number={6},
  pages={126--132},
  year={2015},
  publisher={IEEE}
}
@article{collingwood2017privacy,
  title={Privacy implications and liability issues of autonomous vehicles},
  author={Collingwood, Lisa},
  journal={Information \& Communications Technology Law},
  volume={26},
  number={1},
  pages={32--45},
  year={2017},
  publisher={Taylor \& Francis}
}
@article{yan2016can,
  title={Can you trust autonomous vehicles: Contactless attacks against sensors of self-driving vehicle},
  author={Yan, Chen and Xu, Wenyuan and Liu, Jianhao},
  journal={DEF CON},
  volume={24},
  year={2016}
}
@inproceedings{kamal2013coordination,
  title={Coordination of automated vehicles at a traffic-lightless intersection},
  author={Kamal, Md Abdus Samad and Imura, Jun-ichi and Ohata, Akira and Hayakawa, Tomohisa and Aihara, Kazuyuki},
  booktitle={Intelligent Transportation Systems-(ITSC), 2013 16th International IEEE Conference on},
  pages={922--927},
  year={2013},
  organization={IEEE}
}
@article{au2015autonomous,
  title={Autonomous intersection management for semi-autonomous vehicles},
  author={Au, Tsz-Chiu and Zhang, Shun and Stone, Peter},
  journal={Handbook of transportation},
  pages={88--104},
  year={2015}
}
@article{fajardo2011automated,
  title={Automated intersection control: Performance of future innovation versus current traffic signal control},
  author={Fajardo, David and Au, Tsz-Chiu and Waller, S Travis and Stone, Peter and Yang, David},
  journal={Transportation Research Record},
  volume={2259},
  pages={223--232},
  year={2011},
  publisher={SAGE Publications Sage CA: Los Angeles, CA}
}
@article{milanes2014cooperative,
  title={Cooperative Adaptive Cruise Control in Real Traffic Situations.},
  author={Milan{\'e}s, Vicente and Shladover, Steven E and Spring, John and Nowakowski, Christopher and Kawazoe, Hiroshi and Nakamura, Masahide},
  journal={IEEE Trans. Intelligent Transportation Systems},
  volume={15},
  number={1},
  pages={296--305},
  year={2014}
}
@article{wang2015longitudinal,
  title={Longitudinal collision mitigation via coordinated braking of multiple vehicles using model predictive control},
  author={Wang, Jian-Qiang and Li, Shengbo Eben and Zheng, Yang and Lu, Xiao-Yun},
  journal={Integrated Computer-Aided Engineering},
  volume={22},
  number={2},
  pages={171--185},
  year={2015},
  publisher={IOS Press}
}
@article{wu2011fuel,
  title={A fuel economy optimization system with applications in vehicles with human drivers and autonomous vehicles},
  author={Wu, Changxu and Zhao, Guozhen and Ou, Bo},
  journal={Transportation Research Part D: Transport and Environment},
  volume={16},
  number={7},
  pages={515--524},
  year={2011},
  publisher={Elsevier}
}
@article{van2001prototype,
  title={A prototype fuel-efficiency support tool},
  author={Van der Voort, Mascha and Dougherty, Mark S and van Maarseveen, Martin},
  journal={Transportation Research Part C: Emerging Technologies},
  volume={9},
  number={4},
  pages={279--296},
  year={2001},
  publisher={Elsevier}
}
@article{amodei2016concrete,
  title={Concrete problems in AI safety},
  author={Amodei, Dario and Olah, Chris and Steinhardt, Jacob and Christiano, Paul and Schulman, John and Man{\'e}, Dan},
  journal={arXiv preprint arXiv:1606.06565},
  year={2016}
}
@article{seshia2016towards,
  title={Towards verified artificial intelligence},
  author={Seshia, Sanjit A and Sadigh, Dorsa and Sastry, S Shankar},
  journal={arXiv preprint arXiv:1606.08514},
  year={2016}
}
@book{anderson2014autonomous,
  title={Autonomous vehicle technology: A guide for policymakers},
  author={Anderson, James M and Nidhi, Kalra and Stanley, Karlyn D and Sorensen, Paul and Samaras, Constantine and Oluwatola, Oluwatobi A},
  year={2014},
  publisher={Rand Corporation}
}
@misc{ferreira2015methods,
  title={Methods and systems for coordinating vehicular traffic using in-vehicle virtual traffic control signals enabled by vehicle-to-vehicle communications},
  author={Ferreira, Michel Celestino Paiva and Tonguz, Ozan and Fernandes, Ricardo Jorge and DaConceicao, Hugo Marcelo Fernandes and Viriyasitavat, Wantanee},
  year={2015},
  month=mar # "~3",
  publisher={Google Patents},
  note={US Patent 8,972,159}
}
@article{how2008real,
  title={Real-time indoor autonomous vehicle test environment},
  author={How, Jonathan P and Behihke, Brett and Frank, Adrian and Dale, Daniel and Vian, John},
  journal={IEEE control systems},
  volume={28},
  number={2},
  pages={51--64},
  year={2008},
  publisher={IEEE}
}
@incollection{braid2007terramax,
  title={The TerraMax autonomous vehicle},
  author={Braid, Deborah and Broggi, Alberto and Schmiedel, Gary},
  booktitle={The 2005 DARPA Grand Challenge},
  pages={129--153},
  year={2007},
  publisher={Springer}
}
@book{litman2017autonomous,
  title={Autonomous vehicle implementation predictions},
  author={Litman, Todd},
  year={2017},
  publisher={Victoria Transport Policy Institute Victoria, Canada}
}
@article{lee2012development,
  title={Development and evaluation of a cooperative vehicle intersection control algorithm under the connected vehicles environment},
  author={Lee, Joyoung and Park, Byungkyu},
  journal={IEEE Transactions on Intelligent Transportation Systems},
  volume={13},
  number={1},
  pages={81--90},
  year={2012},
  publisher={Institute of Electrical and Electronics Engineers, Inc., 3 Park Avenue, 17 th Fl New York NY 10016-5997 United States}
}
@article{milanes2010controller,
  title={Controller for urban intersections based on wireless communications and fuzzy logic},
  author={Milan{\'e}s, Vicente and P{\'e}rez, Joshu{\'e} and Onieva, Enrique and Gonz{\'a}lez, Carlos},
  journal={IEEE Transactions on Intelligent Transportation Systems},
  volume={11},
  number={1},
  pages={243--248},
  year={2010},
  publisher={IEEE}
}
@inproceedings{kuramoto2018mono,
  title={Mono-Camera based 3D Object Tracking Strategy for Autonomous Vehicles},
  author={Kuramoto, Akisue and Aldibaja, Mohammad A and Yanase, Ryo and Kameyama, Junya and Yoneda, Keisuke and Suganuma, Naoki},
  booktitle={2018 IEEE Intelligent Vehicles Symposium (IV)},
  pages={459--464},
  year={2018},
  organization={IEEE}
}
@inproceedings{eguchi2007discrimination,
  title={Discrimination of an Approaching Vehicle at an Intersection Using a Monocular Camera},
  author={Eguchi, Junji and Koike, Hiroyuki},
  booktitle={Intelligent Vehicles Symposium, 2007 IEEE},
  pages={618--623},
  year={2007},
  organization={IEEE}
}
@article{dickmanns1992recursive,
  title={Recursive 3-d road and relative ego-state recognition},
  author={Dickmanns, Ernst D. and Mysliwetz, Birger D.},
  journal={IEEE Transactions on Pattern Analysis \& Machine Intelligence},
  pages={199--213},
  year={1992},
  publisher={IEEE}
}
@article{siogkas2013random,
  title={Random-walker monocular road detection in adverse conditions using automated spatiotemporal seed selection},
  author={Siogkas, George K and Dermatas, Evangelos S},
  journal={IEEE Transactions on Intelligent Transportation Systems},
  volume={14},
  number={2},
  pages={527--538},
  year={2013},
  publisher={IEEE}
}
@inproceedings{cai2010measurement,
  title={Measurement of vehicle queue length based on video processing in intelligent traffic signal control system},
  author={Cai, Yingfeng and Zhang, Weigong and Wang, Hai},
  booktitle={2010 International Conference on Measuring Technology and Mechatronics Automation},
  pages={615--618},
  year={2010},
  organization={IEEE}
}
@inproceedings{oudghiri2007fuzzy,
  title={A fuzzy approach for sensor fault-tolerant control of vehicle lateral dynamics},
  author={Oudghiri, Mohammed and Chadli, Mohammed and El Hajjaji, Ahmed},
  booktitle={Control Applications, 2007. CCA 2007. IEEE International Conference on},
  pages={1221--1226},
  year={2007},
  organization={IEEE}
}
@misc{kienke2000automotive,
  title={Automotive control systems},
  author={Kienke, Uwe and Nielsen, Lars},
  year={2000},
  publisher={Springer-Verlag, Berlin}
}
@inproceedings{staroswiecki2005fault,
  title={Fault tolerant control: the pseudo-inverse method revisited},
  author={Staroswiecki, M},
  booktitle={16th IFAC World Congress},
  volume={2},
  pages={4--8},
  year={2005},
  organization={Prague Czech Republic}
}
@article{le2015autonomous,
  title={Autonomous cars: The tension between occupant experience and intersection capacity},
  author={Le Vine, Scott and Zolfaghari, Alireza and Polak, John},
  journal={Transportation Research Part C: Emerging Technologies},
  volume={52},
  pages={1--14},
  year={2015},
  publisher={Elsevier}
}
@article{kruchten2005architectural,
  title={Architectural Blueprints—The “4+ 1” View Model of Software Architecture. 1995},
  author={Kruchten, Philippe},
  journal={Rational Software Corp},
  pages={15},
  year={2005}
}
@book{van2003collision,
  title={Collision detection in interactive 3D environments},
  author={Van Den Bergen, Gino},
  year={2003},
  publisher={CRC Press}
}
@article{wen2019solving,
  title={Solving Traffic Congestion through Street Renaissance: A Perspective from Dense Asian Cities},
  author={Wen, Liang and Kenworthy, Jeff and Guo, Xiumei and Marinova, Dora},
  journal={Urban Science},
  volume={3},
  number={1},
  pages={18},
  year={2019},
  publisher={Multidisciplinary Digital Publishing Institute}
}
@inproceedings{wada2007analysis,
  title={Analysis of braking behaviors in car following based on a performance index for approach and alienation},
  author={Wada, Takahiro and Doi, Shun’ichi and Imai, Keisuke and Tsuru, N and Isaji, K and Kaneko, H},
  booktitle={2007 IEEE Intelligent Vehicles Symposium},
  pages={547--552},
  year={2007},
  organization={IEEE}
}
@article{yang2010development,
  title={Development of an errorable car-following driver model},
  author={Yang, H-H and Peng, Huei},
  journal={Vehicle System Dynamics},
  volume={48},
  number={6},
  pages={751--773},
  year={2010},
  publisher={Taylor \& Francis}
}
@article{wang2011safety,
  title={A safety-based approaching behavioural model with various driving characteristics},
  author={Wang, Wuhong and Zhang, Wei and Guo, Hongwei and Bubb, Heiner and Ikeuchi, Katsushi},
  journal={Transportation research part C: emerging technologies},
  volume={19},
  number={6},
  pages={1202--1214},
  year={2011},
  publisher={Elsevier}
}
@article{yun2016relationship,
  title={The relationship between technology, business model, and market in autonomous car and intelligent robot industries},
  author={Yun, JinHyo Joseph and Won, DongKyu and Jeong, EuiSeob and Park, KyungBae and Yang, JeongHo and Park, JiYoung},
  journal={Technological Forecasting and Social Change},
  volume={103},
  pages={142--155},
  year={2016},
  publisher={Elsevier}
}
@article{krasniqi2016use,
  title={Use of IoT technology to drive the automotive industry from connected to full autonomous vehicles},
  author={Krasniqi, X and Hajrizi, E},
  journal={IFAC-PapersOnLine},
  volume={49},
  number={29},
  pages={269--274},
  year={2016},
  publisher={Elsevier}
}
@article{wadud2017fully,
  title={Fully automated vehicles: A cost of ownership analysis to inform early adoption},
  author={Wadud, Zia},
  journal={Transportation Research Part A: Policy and Practice},
  volume={101},
  pages={163--176},
  year={2017},
  publisher={Elsevier}
}
@article{childress2015using,
  title={Using an activity-based model to explore the potential impacts of automated vehicles},
  author={Childress, Suzanne and Nichols, Brice and Charlton, Billy and Coe, Stefan},
  journal={Transportation Research Record},
  volume={2493},
  number={1},
  pages={99--106},
  year={2015},
  publisher={SAGE Publications Sage CA: Los Angeles, CA}
}
@article{fagnant2015preparing,
  title={Preparing a nation for autonomous vehicles: opportunities, barriers and policy recommendations},
  author={Fagnant, Daniel J and Kockelman, Kara},
  journal={Transportation Research Part A: Policy and Practice},
  volume={77},
  pages={167--181},
  year={2015},
  publisher={Elsevier}
}
@article{legacy2019planning,
  title={Planning the driverless city},
  author={Legacy, Crystal and Ashmore, David and Scheurer, Jan and Stone, John and Curtis, Carey},
  journal={Transport reviews},
  volume={39},
  number={1},
  pages={84--102},
  year={2019},
  publisher={Taylor \& Francis}
}
@article{bahamonde2018systemic,
  title={A systemic view on autonomous vehicles: Policy aspects for a sustainable transportation planning},
  author={Bahamonde-Birke, Francisco J and Kickh{\"o}fer, Benjamin and Heinrichs, Dirk and Kuhnimhof, Tobias},
  journal={disP-The Planning Review},
  volume={54},
  number={3},
  pages={12--25},
  year={2018},
  publisher={Taylor \& Francis}
}
@inproceedings{dickmann2016automotive,
  title={Automotive radar the key technology for autonomous driving: From detection and ranging to environmental understanding},
  author={Dickmann, Juergen and Klappstein, Jens and Hahn, Markus and Appenrodt, Nils and Bloecher, Hans-Ludwig and Werber, Klaudius and Sailer, Alfons},
  booktitle={2016 IEEE Radar Conference (RadarConf)},
  pages={1--6},
  year={2016},
  organization={IEEE}
}
@misc{essati2016method,
  title={Method and system for sensing the position of a vehicle},
  author={Essati, Alec and Wildenauer, Horst},
  year={2016},
  month=aug # "~16",
  publisher={Google Patents},
  note={US Patent 9,417,071}
}
@phdthesis{williams2019reliance,
  title={Reliance on Technology and the Increased Cybersecurity Vulnerabilities It Poses to Our Transportation Industry},
  author={Williams, Andre M},
  year={2019},
  school={Utica College}
}